<!-- BibEdit-Template-Name: jobs -->
<!-- BibEdit-Template-Description: jobs -->
<record>
  <datafield tag="040" ind1=" " ind2=" ">
    <subfield code="a">VOLATILE:source</subfield>
  </datafield>
  <datafield tag="043" ind1=" " ind2=" ">
    <subfield code="a">VOLATILE:region</subfield>
  </datafield>
  <datafield tag="046" ind1=" " ind2=" ">
    <subfield code="i">VOLATILE:deadline date (YYYY-MM-DD)</subfield>
  </datafield>
  <datafield tag="110" ind1=" " ind2=" ">
    <subfield code="a">VOLATILE:affiliation</subfield>
  </datafield>
  <datafield tag="245" ind1=" " ind2=" ">
    <subfield code="a">VOLATILE:job title</subfield>
  </datafield>
  <datafield tag="270" ind1=" " ind2=" ">
    <subfield code="p">VOLATILE:contact name</subfield>
    <subfield code="m">VOLATILE:contact email</subfield>
    <subfield code="o">VOLATILE:reference mail</subfield>
  </datafield>
  <datafield tag="520" ind1=" " ind2=" ">
    <subfield code="a">For further information, and to apply, please see the url below.</subfield>
  </datafield>
  <datafield tag="650" ind1="1" ind2="7">
    <subfield code="a">VOLATILE:field</subfield>
  </datafield>
  <datafield tag="656" ind1=" " ind2=" ">
    <subfield code="a">VOLATILE:rank</subfield>
  </datafield>
  <datafield tag="693" ind1=" " ind2=" ">
    <subfield code="e">VOLATILE:experiment</subfield>
  </datafield>
  <datafield tag="856" ind1="4" ind2=" ">
    <subfield code="u">VOLATILE:url</subfield>
    <subfield code="y">VOLATILE:web page</subfield>
  </datafield>
  <datafield tag="980" ind1=" " ind2=" ">
    <subfield code="a">JOB</subfield>
  </datafield>
</record>

